@article{kuehnast2014,
    author={Charly Kühnast},
    journal={ADMIN Magazin},
    number={3},
    pages={32-34},
    title={Passthrough und Offloading: HTTPS balancieren mit HA-Proxy 1.5},
    year={2014}
}

@article{weiser1991,
    author={Mark Weiser},
    journal={Scientific American},
    number={265},
    pages={94-104},
    title={The Computer for the 21st Century},
    year={1991}
}

@article{stiller2002,
    author={Andreas Stiller},
    journal={c't - magazin für computertechnik},
    number={2},
    pages={70},
    title={Die ARM-Story},
    year={2002}
}