@ARTICLE {kuehnast2014,
	AUTHOR = "Charly Kühnast",
	JOURNAL = "ADMIN Magazin",
	NUMBER = "3",
	PAGES = "32-34",
	TITLE = "Passthrough und Offloading: HTTPS balancieren mit HA-Proxy 1.5",
	YEAR = "2014"
}

@ARTICLE {weiser1991,
	AUTHOR = "Mark Weiser",
	JOURNAL = "Scientific American",
	NUMBER = "265",
	PAGES = "94-104",
	TITLE = "The Computer for the 21st Century",
	YEAR = "1991"
}

@ARTICLE {stiller2002,
	AUTHOR = "Andreas Stiller",
	JOURNAL = "c't - magazin für computertechnik",
	NUMBER = "2",
	PAGES = "70",
	TITLE = "Die ARM-Story",
	YEAR = "2002"
}

@BOOK {krieg2009,
	AUTHOR = "Michael Krieg",
	TITLE = "Lighttpd - kurz \& gut",
	PUBLISHER = "O'Reilly Verlag",
	YEAR = "2009",
	ISBN = "978-3-89721-549-8"
}

@BOOK {springer2013,
	AUTHOR = "Sebastian Springer",
	TITLE = "Node.js - Das umfassende Handbuch",
	PUBLISHER = "Galileo Press",
	YEAR = "2013",
	ISBN = "978-3-8362-2119-1"
}

@TECHREPORT {webserversurvey1014,
	EDITOR = "Netcraft",
	TITLE = "October 2014 Web Server Survey",
	YEAR = "2014",
	INSTITUTION = "Netcraft Ltd.",
	ADDRESS = "http://news.netcraft.com/archives/category/web-server-survey", 
	MONTH = "October",
	TYPE = "Report"
}

@TECHREPORT {rfc6455,
	AUTHOR = "I. Fette and A. Melnikov",
	TITLE = "The WebSocket Protocol",
	YEAR = "2011",
	INSTITUTION = "Internet Engineering Task Force",
	ADDRESS = "https://tools.ietf.org/html/rfc6455", 
	MONTH = "December",
	TYPE = "Standards Track"
}

@TECHREPORT {rfc4180,
	AUTHOR = "Y. Shafranovich",
	TITLE = "Common Format and MIME Type for Comma-Separated Values (CSV) Files",
	YEAR = "2005",
	INSTITUTION = "Network Working Group",
	ADDRESS = "http://tools.ietf.org/html/rfc4180", 
	MONTH = "October",
	TYPE = "Informational"
}

@TECHREPORT {rfc7235,
	EDITOR = "R. Fielding and J. Reschke",
	TITLE = "Hypertext Transfer Protocol (HTTP/1.1): Authentication",
	YEAR = "2014",
	INSTITUTION = "Internet Engineering Task Force",
	ADDRESS = "http://tools.ietf.org/html/rfc7235", 
	MONTH = "June",
	TYPE = "Standards Track"
}

@TECHREPORT {zalewski2009,
	AUTHOR = "Michal Zalewski",
	TITLE = "Browser Security Handbook, part 2",
	YEAR = "2009",
	INSTITUTION = "Google Inc.",
	ADDRESS = "https://code.google.com/p/browsersec/wiki/Part2", 
	TYPE = "Reference Document"
}

@TECHREPORT{iot2020,
	AUTHOR = "Alessandro Bassi and Geir Horn",
	TITLE = "Internet of Things in 2020 - A Roadmap for the Future",
	YEAR = "2008",
	INSTITUTION = "INFSO D.4 Networked Enterprise / RFID INFSO G.2 Micro \& Nanosystems",
	TYPE = "Workshop Report"
}